<collection xmlns="http://www.loc.gov/MARC21/slim">
<record>
  <leader>02011nam0a2200325 i 450 </leader>
  <controlfield tag="001">IT\ICCU\CNCE\059619</controlfield>
  <controlfield tag="005">20130418000000.0</controlfield>
  <datafield tag="012" ind1=" " ind2=" ">
    <subfield code="a">o.ar e.ue r.o. Amba (3) 1550 (R)</subfield>
    <subfield code="2">fei</subfield>
  </datafield>
  <datafield tag="100" ind1=" " ind2=" ">
    <subfield code="a">20041123d1550        0itac0103    ba</subfield>
  </datafield>
  <datafield tag="101" ind1=" " ind2=" ">
    <subfield code="a">LAT</subfield>
  </datafield>
  <datafield tag="102" ind1=" " ind2=" ">
    <subfield code="a">IT</subfield>
  </datafield>
  <datafield tag="200" ind1="1" ind2=" ">
    <subfield code="a">℗Aelii Antonii Nebrissensis, ℗Grammaticae opus absolutissimum, diuisum in libros V. cum mvltis praeterea opuscoli elegantissimis. Accesserunt Lucii Christphori Scobaris viri doctissimi elucubrationes quaedam luculentissimae: omniaque nuper diligentius quam hactenus uspiam fuerint, emendata</subfield>
  </datafield>
  <datafield tag="210" ind1=" " ind2=" ">
    <subfield code="a">Venetiis</subfield>
    <subfield code="c">apud Ioan. Gryphium</subfield>
    <subfield code="d">1550</subfield>
    <subfield code="e">Venetiis</subfield>
    <subfield code="g">apud Ioan. Gryphium</subfield>
    <subfield code="h">1550</subfield>
  </datafield>
  <datafield tag="215" ind1=" " ind2=" ">
    <subfield code="a">120 c.</subfield>
    <subfield code="d">8ʻ</subfield>
  </datafield>
  <datafield tag="620" ind1=" " ind2=" ">
    <subfield code="a">IT</subfield>
    <subfield code="d">Venezia</subfield>
  </datafield>
  <datafield tag="700" ind1=" " ind2="1">
    <subfield code="a">Nebrija,</subfield>
    <subfield code="b">Antonio : de</subfield>
    <subfield code="3">IT\ICCU\CNCA\007162</subfield>
  </datafield>
  <datafield tag="702" ind1=" " ind2="1">
    <subfield code="a">Escobar,</subfield>
    <subfield code="b">Cristobal : de</subfield>
    <subfield code="3">IT\ICCU\CNCA\008969</subfield>
  </datafield>
  <datafield tag="712" ind1="0" ind2="0">
    <subfield code="a">Griffio, Giovanni</subfield>
    <subfield code="c"> &lt;1.&gt;</subfield>
    <subfield code="3">IT\ICCU\CNCT\002057</subfield>
    <subfield code="4">650</subfield>
  </datafield>
  <datafield tag="790" ind1=" " ind2="0">
    <subfield code="a">Antonius</subfield>
    <subfield code="c"> : Nebrissensis</subfield>
    <subfield code="3">IT\ICCU\CNCA\007622</subfield>
    <subfield code="z">Nebrija, Antonio : de</subfield>
  </datafield>
  <datafield tag="790" ind1=" " ind2="0">
    <subfield code="a">Aelius Antonius</subfield>
    <subfield code="c"> : Nebrissensis</subfield>
    <subfield code="3">IT\ICCU\CNCA\012524</subfield>
    <subfield code="z">Nebrija, Antonio : de</subfield>
  </datafield>
  <datafield tag="790" ind1=" " ind2="1">
    <subfield code="a">Lebrija,</subfield>
    <subfield code="b">Antonio</subfield>
    <subfield code="3">IT\ICCU\CNCA\014492</subfield>
    <subfield code="z">Nebrija, Antonio : de</subfield>
  </datafield>
  <datafield tag="790" ind1=" " ind2="1">
    <subfield code="a">Scobar,</subfield>
    <subfield code="b">Christophorus</subfield>
    <subfield code="3">IT\ICCU\CNCA\015209</subfield>
    <subfield code="z">Escobar, Cristobal : de</subfield>
  </datafield>
  <datafield tag="791" ind1="0" ind2="0">
    <subfield code="a">Gryphius, Ioannes</subfield>
    <subfield code="c"> &lt;1.&gt;</subfield>
    <subfield code="3">IT\ICCU\CNCT\003549</subfield>
    <subfield code="z">Griffio, Giovanni &lt;1.&gt;</subfield>
  </datafield>
  <datafield tag="791" ind1="0" ind2="0">
    <subfield code="a">Grifio, Giovanni</subfield>
    <subfield code="3">IT\ICCU\CNCT\005052</subfield>
    <subfield code="z">Griffio, Giovanni &lt;1.&gt;</subfield>
  </datafield>
  <datafield tag="791" ind1="0" ind2="0">
    <subfield code="a">Grifi, Giovanni</subfield>
    <subfield code="c"> &lt;1&gt;</subfield>
    <subfield code="3">IT\ICCU\CNCT\005187</subfield>
    <subfield code="z">Griffio, Giovanni &lt;1.&gt;</subfield>
  </datafield>
  <datafield tag="801" ind1=" " ind2="3">
    <subfield code="a">IT</subfield>
    <subfield code="b">ICCU</subfield>
    <subfield code="c">20201115</subfield>
  </datafield>
  <datafield tag="899" ind1=" " ind2=" ">
    <subfield code="a">Biblioteca dell&apos;Istituto Campana per l&apos;istruzione permanente. Osimo</subfield>
    <subfield code="1">AN0053</subfield>
    <subfield code="2">URB IC</subfield>
  </datafield>
  <datafield tag="899" ind1=" " ind2=" ">
    <subfield code="a">Biblioteca comunale. Terni</subfield>
    <subfield code="1">TR0032</subfield>
    <subfield code="2">UM1 09</subfield>
  </datafield>
  <datafield tag="911" ind1=" " ind2=" ">
    <subfield code="a">Sul front.</subfield>
    <subfield code="9">IT\ICCU\CNCM\000039</subfield>
  </datafield>
  <datafield tag="921" ind1=" " ind2=" ">
    <subfield code="a">IT\ICCU\CNCM\000039</subfield>
    <subfield code="b">Grifone che regge con l&apos;artiglio una pietra alla quale  ̈incatenato un globo alato.</subfield>
    <subfield code="e">1) Virtute duce comite fortuna; 2) Poco val la virtu senza fortuna.</subfield>
    <subfield code="c">Z710</subfield>
    <subfield code="d">Dimensioni: 3 x 4,5  (senza motto); 4,5 x 4,5 (con il motto)</subfield>
    <subfield code="f">GRIFONE</subfield>
    <subfield code="f">PIETRA</subfield>
    <subfield code="f">GLOBO</subfield>
    <subfield code="f">VIRTUTEDUC</subfield>
    <subfield code="g">1544-1597</subfield>
  </datafield>
</record>
</collection>
